<?xml version="1.0" encoding="UTF-8"?><record xmlns="http://www.loc.gov/MARC21/slim" xmlns:cinclude="http://apache.org/cocoon/include/1.0" xmlns:zs="http://www.loc.gov/zing/srw/">
  <leader>00512cz  a2200145n  4500</leader>
  <controlfield tag="001">n  00077833 </controlfield>
  <controlfield tag="003">DLC</controlfield>
  <controlfield tag="005">20141218101707.0</controlfield>
  <controlfield tag="008">001106n| azannaabn          |a aaa      </controlfield>
  <datafield tag="010" ind1=" " ind2=" ">
    <subfield code="a">n  00077833 </subfield>
  </datafield>
  <datafield tag="040" ind1=" " ind2=" ">
    <subfield code="a">DLC</subfield>
    <subfield code="b">eng</subfield>
    <subfield code="e">rda</subfield>
    <subfield code="c">DLC</subfield>
    <subfield code="d">DLC</subfield>
  </datafield>
  <datafield tag="100" ind1="1" ind2=" ">
    <subfield code="a">Bartel, Hans-Christian.</subfield>
    <subfield code="t">Trio,</subfield>
    <subfield code="m">violin, viola, cello</subfield>
  </datafield>
  <datafield tag="382" ind1="0" ind2=" ">
    <subfield code="a">violin</subfield>
    <subfield code="n">1</subfield>
    <subfield code="a">viola</subfield>
    <subfield code="n">1</subfield>
    <subfield code="a">cello</subfield>
    <subfield code="n">1</subfield>
    <subfield code="s">3</subfield>
    <subfield code="2">lcmpt</subfield>
  </datafield>
  <datafield tag="400" ind1="1" ind2=" ">
    <subfield code="w">nnea</subfield>
    <subfield code="a">Bartel, Hans-Christian.</subfield>
    <subfield code="t">Trio,</subfield>
    <subfield code="m">strings</subfield>
  </datafield>
  <datafield tag="670" ind1=" " ind2=" ">
    <subfield code="a">Bartel, Hans-Christian. Streichtrio fuĚr Violine, Viola und Violoncello [1954/97], c1999.</subfield>
  </datafield>
</record>